@misc{ref1,
  author = {Firuza Aibara},
  title = {{LaTeX - Fundamental Research Group - IIT Bombay}},
  howpublished = "\url{http://www.it.iitb.ac.in/frg/wiki/index.php/LaTeX/}",
  year = {2016}, 
}
@book{ref2,
  title={Latex},
  author={Lamport, Leslie},
  year={1994},
  publisher={Addison-Wesley}
}
@misc{ref3,
  title={A guide to LATEX},
  author={Kopka, Helmut and Daly, Patrick W},
  year={1995},
  publisher={Harlow, England}
}
@book{ref4,
  title={Short math guide for LATEX},
  author={Downes, Michael},
  year={2002},
  publisher={American Mathematical Society}
}
